%% This BibTeX bibliography file was created using BibDesk.
%% http://bibdesk.sourceforge.net/


%% Created for Shaojun Zhang at 2016-03-23 00:47:39 -0400 


%% Saved with string encoding Unicode (UTF-8) 



@article{Er201275,
	Author = {Orhan Er and Abdullah Cetin Tanrikulu and Abdurrahman Abakay and Feyzullah Temurtas},
	Date-Modified = {2016-03-22 01:00:55 +0000},
	Issn = {0045-7906},
	Journal = {Computers & Electrical Engineering},
	Note = {Special issue on New Trends in Signal Processing and Biomedical Engineering},
	Number = {1},
	Pages = {75 - 81},
	Title = {An approach based on probabilistic neural network for diagnosis of Mesothelioma's disease},
	Volume = {38},
	Year = {2012},
	Bdsk-Url-1 = {http://www.sciencedirect.com/science/article/pii/S0045790611001261},
	Bdsk-Url-2 = {http://dx.doi.org/10.1016/j.compeleceng.2011.09.001}}

@book{James:2014:ISL:2517747,
	Author = {James, Gareth and Witten, Daniela and Hastie, Trevor and Tibshirani, Robert},
	Date-Added = {2016-03-23 04:47:35 +0000},
	Date-Modified = {2016-03-23 04:47:35 +0000},
	Isbn = {1461471370, 9781461471370},
	Publisher = {Springer Publishing Company, Incorporated},
	Title = {An Introduction to Statistical Learning: With Applications in R},
	Year = {2014}}